<record><leader>00000cas a22000007a 4500</leader><controlfield tag="001">10143196</controlfield><controlfield tag="008">831118c19839999mauwr ne      0   a0eng d</controlfield><datafield ind1=" " ind2=" " tag="010"><subfield code="a">sn 83009963 </subfield></datafield><datafield ind1=" " ind2=" " tag="040"><subfield code="a">NSD</subfield><subfield code="b">eng</subfield><subfield code="c">NSD</subfield><subfield code="d">MGN</subfield><subfield code="d">OCLCQ</subfield></datafield><datafield ind1=" " ind2=" " tag="012"><subfield code="m">1</subfield></datafield><datafield ind1="1" ind2=" " tag="022"><subfield code="a">0746-6056</subfield><subfield code="l">0746-6056</subfield><subfield code="2">1</subfield></datafield><datafield ind1=" " ind2=" " tag="032"><subfield code="a">707130</subfield><subfield code="b">USPS</subfield></datafield><datafield ind1=" " ind2=" " tag="037"><subfield code="b">MPG Communications, Long Pond Rd., Plymouth, MA 02360</subfield></datafield><datafield ind1=" " ind2=" " tag="042"><subfield code="a">nsdp</subfield></datafield><datafield ind1=" " ind2="0" tag="222"><subfield code="a">Pembroke reporter</subfield></datafield><datafield ind1="0" ind2="0" tag="245"><subfield code="a">Pembroke reporter.</subfield></datafield><datafield ind1=" " ind2=" " tag="260"><subfield code="a">Plymouth, MA. :</subfield><subfield code="b">MPG Communications</subfield></datafield><datafield ind1=" " ind2=" " tag="300"><subfield code="a">v.</subfield></datafield><datafield ind1=" " ind2=" " tag="310"><subfield code="a">Weekly</subfield></datafield><datafield ind1="1" ind2=" " tag="362"><subfield code="a">Began in 1983.</subfield></datafield><datafield ind1=" " ind2=" " tag="588"><subfield code="a">Description based on: Vol. 1, no. 8 (Nov. 3, 1983).</subfield></datafield><datafield ind1=" " ind2=" " tag="752"><subfield code="a">United States</subfield><subfield code="b">Massachusetts</subfield><subfield code="c">Plymouth</subfield><subfield code="d">Plymouth.</subfield></datafield><datafield ind1=" " ind2=" " tag="752"><subfield code="a">United States</subfield><subfield code="b">Massachusetts</subfield><subfield code="c">Plymouth</subfield><subfield code="d">Pembroke.</subfield></datafield><datafield ind1="0" ind2="1" tag="780"><subfield code="t">Silver Lake news</subfield><subfield code="x">0746-6064</subfield><subfield code="w">(DLC)sn 83009958</subfield></datafield><datafield ind1=" " ind2=" " tag="936"><subfield code="a">Nov. 3, 1983</subfield></datafield></record>